@online{OthelloGamePlayer,
  author = {David Currie},
  title = {Othello Game Player},
  year = 1997,
  url = {http://citeseerx.ist.psu.edu/viewdoc/summary?doi=10.1.1.103.494},
  urldate = {2019-11-20}
}

@online{Analysis,
  author = {Vaishnavi Sannidhanam and Muthukaruppan Annamalai},
  title = {An Analysis of Heuristics in Othello},
  url = {https://de.scribd.com/document/353439817/An-Analysis-of-Heuristics-in-Othello},
  urldate = {2019-11-20}
}

@online{OthelloImplementation,
  author = {Adam Wierman},
  title = {Othello implementation},
  url = {http://pressibus.org/ataxx/autre/minimax/node3.html},
  urldate = {2019-11-20}
}

@online{BrianRose,
  author = {Brian Rose},
  title = {Othello - A Minute to Learn... A Lifetime to Master},
  url = {http://www.ffothello.org/livres/othello-book-Brian-Rose.pdf},
  urldate = {2019-11-20}
}

@inproceedings{Caesar,
  title={Caesar-An Othello Program},
  author={Priyendra S. Deshwal},
  year={2003}
}

@article{quteprints85005,
 journal = {ICGA Journal},
 number = {2},
 pages = {67--84},
 year = {2014},
 volume = {37},
 publisher = {International Computer Games Association},
 author = {Cameron B. Browne},
 title = {Bitboard methods for games},
 url = {https://eprints.qut.edu.au/85005/},
 keywords = {Bitboards, Algorithms, Computer play, Games}
}

@online{HeuristicEvaluation,
  author = {Kartik Kukreja},
  title = {Heuristic/Evaluation Function for Reversi/Othello},
  year = 2013,
  url = {https://kartikkukreja.wordpress.com/2013/03/30/heuristic-function-for-reversiothello/},
  urldate = {2019-11-20}
}

@article{LEE199021,
 title = "The development of a world class Othello program",
 journal = "Artificial Intelligence",
 volume = "43",
 number = "1",
 pages = "21 - 36",
 year = "1990",
 issn = "0004-3702",
 url = "http://www.sciencedirect.com/science/article/pii/000437029090068B",
 author = "Kai-Fu Lee and Sanjoy Mahajan"
}

@inproceedings{Frankland,
 author = {Frankland, Clive and Pillay, Nelishia},
 title = {Evolving Game Playing Strategies for Othello Incorporating Reinforcement Learning and Mobility},
 booktitle = {Proceedings of the 2015 Annual Research Conference on South African Institute of Computer Scientists and Information Technologists},
 series = {SAICSIT '15},
 year = {2015},
 isbn = {978-1-4503-3683-3},
 location = {Stellenbosch, South Africa},
 pages = {16:1--16:9},
 articleno = {16},
 numpages = {9},
 url = {http://doi.acm.org/10.1145/2815782.2815809},
 doi = {10.1145/2815782.2815809},
 acmid = {2815809},
 publisher = {ACM},
 address = {New York, NY, USA},
 keywords = {Genetic programming, Othello, board games, game-playing, heuristics},
} 

@article{2007,
  title={A Study of Artificial Neural Network Architectures for Othello Evaluation Functions},
  author={Kevin J. Binkley and Ken Seehart and Masafumi Hagiwara},
  journal={Information and Media Technologies},
  volume={2},
  number={4},
  pages={1129-1139},
  year={2007},
  doi={10.11185/imt.2.1129}
}


